<?xml version="1.0" encoding="UTF-8"?><collection xmlns="http://www.loc.gov/MARC21/slim"><record><leader>00372nam--2200133-i-4500</leader><controlfield tag="001">000019167</controlfield><controlfield tag="002">20161230</controlfield><controlfield tag="005">20161230201033</controlfield><controlfield tag="008">060222s1000------------r-----000-0-eng-d</controlfield><datafield ind1=" " ind2=" " tag="080"><subfield code="a">621.313.13</subfield></datafield><datafield ind1=" " ind2=" " tag="100"><subfield code="a">Dogaru, M., Soimu, C</subfield></datafield><datafield ind1=" " ind2=" " tag="245"><subfield code="a">Intretinerea si repararea micromotoarelor monofazate cu colector</subfield></datafield><datafield ind1=" " ind2=" " tag="260"><subfield code="a">Bucuresti, Editura Tehnica, 1970. 125 P</subfield></datafield><datafield ind1=" " ind2=" " tag="852"><subfield code="a">33524</subfield></datafield></record></collection>